@article{MontoyavanderLaanLuedtkeSkeemCoylePetersen2022,
    author = {Lina M. Montoya and Mark J. {van der Laan} and Alexander R. Luedtke and Jennifer L. Skeem and Jeremy R. Coyle and Maya L. Petersen},
    doi = {10.1515/ijb-2020-0127},
    title = {The optimal dynamic treatment rule superlearner: considerations, performance, and application to criminal justice interventions},
    journal = {The International Journal of Biostatistics},
    year = {2022}
}

@article{van2015targeted,
  title={Targeted learning of the mean outcome under an optimal dynamic treatment rule},
  author={{van der Laan}, Mark J and Luedtke, Alexander R},
  journal={Journal of Causal Inference},
  volume={3},
  number={1},
  pages={61--95},
  year={2015}
}

@article{volkow2019prevention,
  title={Prevention and treatment of opioid misuse and addiction: a review},
  author={Volkow, Nora D and Jones, Emily B and Einstein, Emily B and Wargo, Eric M},
  journal={JAMA Psychiatry},
  volume={76},
  number={2},
  pages={208--216},
  year={2019}
}

@article{williams2018developing,
  title={Developing an opioid use disorder treatment cascade: A review of quality measures},
  author={Williams, Arthur Robin and Nunes, Edward V and Bisaga, Adam and Pincus, Harold A and Johnson, Kimberly A and Campbell, Aimee N and Remien, Robert H and Crystal, Stephen and Friedmann, Peter D and Levin, Frances R and others},
  journal={Journal of Substance Abuse Treatment},
  volume={91},
  pages={57--68},
  year={2018}
}

@article{nunes2020moderators,
  title={Sublingual Buprenorphine-Naloxone Compared With Injection Naltrexone for Opioid Use Disorder: Potential Utility of Patient Characteristics in Guiding Choice of Treatment},
  author={Nunes Jr, Edward V and Scodes, Jennifer M and Pavlicova, Martina and Lee, Joshua D and Novo, Patricia and Campbell, Aimee NC and Rotrosen, John},
  journal={American Journal of Psychiatry},
  year={2021}
}

@article{rudolph2021optimizing,
  title={Optimizing opioid use disorder treatment with naltrexone or buprenorphine},
  author={Rudolph, Kara E and D{\'\i}az, Iv{\'a}n and Luo, Sean X and Rotrosen, John and Nunes, Edward V},
  journal={Drug and Alcohol Dependence},
  pages={109031},
  year={2021},
  volume={228},
  publisher={Elsevier}
}

@article{van2007super,
  title={Super learner},
  author={{van der Laan}, Mark J and Polley, Eric C and Hubbard, Alan E},
  journal={Statistical Applications in Genetics and Molecular Biology},
  volume={6},
  number={1},
  year={2007},
  publisher={De Gruyter}
}

@Manual{R,
    title = {R: A Language and Environment for Statistical Computing},
    author = {{R Core Team}},
    organization = {R Foundation for Statistical Computing},
    address = {Vienna, Austria},
    year = {2022},
    url = {https://www.R-project.org/},
}

@Manual{lmtpR,
  title = {lmtp: {Non}-parametric {Causal} {Effects} of {Feasible} {Interventions} {Based} on {Modified} {Treatment} {Policies}},
  author = {Nicholas Williams and Iván Díaz},
  year = {2020},
  note = {R package version 1.3.1},
  url = {https://github.com/nt-williams/lmtp},
}

@article{lmtpJASA,
  journal = {Journal of the American Statistical Association},
  title = {Non-parametric causal effects based on longitudinal modified treatment policies},
  author = {Iván Díaz and Nicholas Williams and Katherine Hoffman and Edward Schneck},
  year = {2021},
  doi = {10.1080/01621459.2021.1955691},
}

@article{luedtkeSLodtr,
    author = {Luedtke, Alexander and {van der Laan}, Mark},
    year = {2016},
    month = {05},
    pages = {305-332},
    title = {Super-Learning of an Optimal Dynamic Treatment Rule},
    volume = {12},
    journal = {The International Journal of Biostatistics},
    doi = {10.1515/ijb-2015-0052}
}

@unpublished{rudolph2022dose, 
    author = {Rudolph, Kara E and Williams, Nicholas T and Singham Goodwin, Alicia T and Shulman, Matisyahu and Fishman, Marc and Díaz, Iván and Hu, Mei-Chen and Luo, Sean and Rostrosen, John and Nunes, Edward V}, 
    year = {2022}, 
    title = {How different buprenorphine \& methadone dosing strategies reduce risk of relapse in the treatment of opioid use disorder}, 
    note = {Under review}
}

@misc{luedtke2018sequential,
  doi = {10.48550/ARXIV.1705.02459},
  author = {Luedtke, Alexander R. and Sofrygin, Oleg and {van der Laan}, Mark J. and Carone, Marco},
  title = {Sequential Double Robustness in Right-Censored Longitudinal Models},
  publisher = {arXiv},
  year = {2018}
}

@article{friedman1991multivariate,
  title={Multivariate adaptive regression splines},
  author={Friedman, Jerome H},
  journal={The Annals of Statistics},
  pages={1--67},
  year={1991},
  publisher={JSTOR}
}

@inproceedings{chenXGBoost,
 author = {Chen, Tianqi and Guestrin, Carlos},
 title = {{XGBoost}: A Scalable Tree Boosting System},
 booktitle = {Proceedings of the 22nd ACM SIGKDD International Conference on Knowledge Discovery and Data Mining},
 year = {2016},
 doi = {10.1145/2939672.2939785}
}

@article{gordon2015patterns,
  title={Patterns and quality of buprenorphine opioid agonist treatment in a large Medicaid program},
  author={Gordon, Adam J and Lo-Ciganic, Wei-Hsuan and Cochran, Gerald and Gellad, Walid F and Cathers, Terri and Kelley, David and Donohue, Julie M},
  journal={Journal of Addiction Medicine},
  volume={9},
  number={6},
  year={2015}
}

@article{d2019evidence,
  title={Evidence-based treatment for opioid use disorders: A national study of methadone dose levels, 2011--2017},
  author={D'Aunno, Thomas and Park, Sunggeun Ethan and Pollack, Harold A},
  journal={Journal of Substance Abuse Treatment},
  volume={96},
  year={2019}
}

@article{saxon2013buprenorphine,
  title={Buprenorphine/naloxone and methadone effects on laboratory indices of liver health: a randomized trial},
  author={Saxon, Andrew J and Ling, Walter and Hillhouse, Maureen and Thomas, Christie and Hasson, Albert and Ang, Alfonso and Doraimani, Geetha and Tasissa, Gudaye and Lokhnygina, Yuliya and Leimberger, Jeff and others},
  journal={Drug and alcohol dependence},
  volume={128},
  number={1-2},
  pages={71--76},
  year={2013}
}

@article{potter2013buprenorphine,
  title={Buprenorphine/naloxone and methadone maintenance treatment outcomes for opioid analgesic, heroin, and combined users: findings from starting treatment with agonist replacement therapies ({START})},
  author={Potter, Jennifer S and Marino, Elise N and Hillhouse, Maureen P and Nielsen, Suzanne and Wiest, Katharina and Canamar, Catherine P and Martin, Judith A and Ang, Alfonso and Baker, Rachael and Saxon, Andrew J and others},
  journal={Journal of Studies on Alcohol and Drugs},
  volume={74},
  number={4},
  pages={605--613},
  year={2013}
}

@article{weiss2010multi,
  title={A multi-site, two-phase, Prescription Opioid Addiction Treatment Study ({POATS}): rationale, design, and methodology},
  author={Weiss, Roger D and Potter, Jennifer Sharpe and Provost, Scott E and Huang, Zhen and Jacobs, Petra and Hasson, Albert and Lindblad, Robert and Connery, Hilary Smith and Prather, Kristi and Ling, Walter},
  journal={Contemporary Clinical Trials},
  volume={31},
  number={2},
  pages={189--199},
  year={2010}
}

@article{lee2018comparative,
  title={Comparative effectiveness of extended-release naltrexone versus buprenorphine-naloxone for opioid relapse prevention ({X:BOT}): a multicentre, open-label, randomised controlled trial},
  author={Lee, Joshua D and Nunes Jr, Edward V and Novo, Patricia and Bachrach, Ken and Bailey, Genie L and Bhatt, Snehal and Farkas, Sarah and Fishman, Marc and Gauthier, Phoebe and Hodgkins, Candace C and others},
  journal={The Lancet},
  volume={391},
  number={10118},
  pages={309--318},
  year={2018}
}

@article{owl2012,
    author = {Yingqi Zhao and Donglin Zeng and A. John Rush and Michael R. Kosorok},
    title = {Estimating Individualized Treatment Rules Using Outcome Weighted Learning},
    journal = {Journal of the American Statistical Association},
    volume = {107},
    number = {499},
    pages = {1106-1118},
    year  = {2012},
    doi = {10.1080/01621459.2012.695674}
}

@article{murphyODTR2003,
    author = {Murphy, Susan A},
    title = {Optimal dynamic treatment regimes},
    journal = {Journal of the Royal Statistical Society: Series B (Statistical Methodology)},
    volume = {65},
    number = {2},
    pages = {331-355},
    doi = {https://doi.org/10.1111/1467-9868.00389},
    year = {2003}
}

@article{moodieQlearning2012,
    author = {Moodie, Erica E. M. and Chakraborty, Bibhas and Kramer, Michael S.},
    title = {Q-learning for estimating optimal dynamic treatment rules from observational data},
    journal = {Canadian Journal of Statistics},
    volume = {40},
    number = {4},
    pages = {629-645},
    doi = {https://doi.org/10.1002/cjs.11162},
    year = {2012}
}

@article{van2007super,
  title={Super learner},
  author={{van der Laan}, Mark J and Polley, Eric C and Hubbard, Alan E},
  journal={Statistical Applications in Genetics and Molecular Biology},
  volume={6},
  number={1},
  year={2007}
}

@article{breimanStacked, 
    title={Stacked regressions}, 
    author={Breiman, Leo}, 
    journal={Machine Learning}, 
    year={1996}, 
    volume={24},
    issue={1},
    doi={10.1007/BF00117832}
}

@article{tmleLong, 
    title={Targeted minimum loss based estimation of causal effects of multiple time point interventions}, 
    author={{van der Laan}, Mark J and Gruber, Susan}, 
    journal={The International Journal of Biostatistics}, 
    year={2012}, 
    volume={8}, 
    issue={1},
    doi={10.1515/1557-4679.1370}
}

@Manual{SuperLearnerPkg,
    title = {SuperLearner: Super Learner Prediction},
    author = {Eric Polley and Erin LeDell and Chris Kennedy and Mark {van der Laan}},
    year = {2021},
    note = {R package version 2.0-28},
    url = {https://CRAN.R-project.org/package=SuperLearner},
}
}